


@misc{1,  title = {Top 500, the list},
note = {\url	{https://www.top500.org/lists/top500/2020/11/}}}

@misc{2, title= {FRONTIER Spec Sheet},
note ={	\url{https://www.olcf.ornl.gov/wp-content/uploads/2019/05/frontier_specsheet.pdf}}}

@INPROCEEDINGS{3,
  author={David, Howard and Gorbatov, Eugene and Hanebutte, Ulf R. and Khanna, Rahul and Le, Christian},
  booktitle={2010 ACM/IEEE International Symposium on Low-Power Electronics and Design (ISLPED)}, 
  title={RAPL: Memory power estimation and capping}, 
  year={2010},
  volume={},
  number={},
  pages={189-194},
  doi={10.1145/1840845.1840883}}
  
@book{4,
  title={Network-Based Information Systems: First International Conference, NBIS 2007, Regensburg, Germany, September 3-7, 2007, Proceedings},
  author={Enokido, Tomoya and Barolli, Leonhard and Takizawa, Makoto},
 
  year={2007},
  publisher={Springer}
}
@misc{5, 
 title={WHAT IS HPC?},
 note = {\url{https://hpc.rtu.lv/hpc/introduction-to-hpc/?lang=en}}
 }
@misc{6,
  title={Computer organization and design: the hardware/software interface, (Rev. ed. of: Computer organization and design/John L. Hennessy, David A. Patterson. 1998.)},
  author={Patterson, David A and Hennessy, John L},
  year={2012},
  publisher={Elsevier, Inc}
}
@misc{7,
 title= {Understanding the Instruction Pipeline},
 note = {\url{https://techdecoded.intel.io/resources/understanding-the-instruction-pipeline/#gs.0qumvm}}
}
@book{8,
  title={Digital design and computer architecture},
  author={Harris, David and Harris, Sarah L},
  year={2010},
  publisher={Morgan Kaufmann}
}
@misc{9, title = {Memory Bandwidth Napkin Math},
 note = {\url{https://www.forrestthewoods.com/blog/memory-bandwidth-napkin-math/}}
}
@inproceedings{10,
  title={The gap between processor and memory speeds},
  author={Carvalho, Carlos},
  booktitle={Proc. of IEEE International Conference on Control and Automation},
  year={2002}
}
@misc{11,
  title={Cache Memory},
  note={\url{https://sites.google.com/site/cachememory2011/memory-hierarchy}}
  
}
@book{12,
  title={The roofline model},
  author={Williams, Samuel W},
  year={2010}
}
@book{13,
  title={Power and Performance: Software Analysis and Optimization},
  author={Kukunas, Jim},
  year={2015},
  publisher={Morgan Kaufmann}
}
@article{14,
  title={Cache memories},
  author={Smith, Alan Jay},
  journal={ACM Computing Surveys (CSUR)},
  volume={14},
  number={3},
  pages={473--530},
  year={1982},
  publisher={ACM New York, NY, USA}
}
@article{15,
  title={Software prefetching for indirect memory accesses: a microarchitectural perspective},
  author={Ainsworth, Sam and Jones, Timothy M},
  journal={ACM Transactions on Computer Systems (TOCS)},
  volume={36},
  number={3},
  pages={1--34},
  year={2019},
  publisher={ACM New York, NY, USA}
}
@inproceedings{16,
  title={Analyzing and modeling the impact of memory latency and bandwidth on application performance},
  author={Oh, Myonghoon and Choi, Jongmoo and Cho, Seong-je and Kim, Jeesoo and Youn, Changhwan and Chung, Woosuk},
  booktitle={Proceedings of the 33rd Annual ACM Symposium on Applied Computing},
  pages={1095--1101},
  year={2018}
}
@article{17,
  title={THE UNCORE: A MODULAR APPROACH TO FEEDING THE HIGH-PERFORMANCE CORES.},
  author={Hill, David L and Bachand, Derek and Bilgin, Selim and Greiner, Robert and Hammarlund, Per and Huff, Thomas and Kulick, Steve and Safranek, Robert},
  journal={Intel Technology Journal},
  volume={14},
  number={3},
  year={2010}
}
@inproceedings{18,
  title={Core vs. uncore: The heart of darkness},
  author={Cheng, Hsiang-Yun and Zhan, Jia and Zhao, Jishen and Xie, Yuan and Sampson, Jack and Irwin, Mary Jane},
  booktitle={2015 52nd ACM/EDAC/IEEE Design Automation Conference (DAC)},
  pages={1--6},
  year={2015},
  organization={IEEE}
} 
@article{19,
  title={Rapl in action: Experiences in using rapl for power measurements},
  author={Khan, Kashif Nizam and Hirki, Mikael and Niemi, Tapio and Nurminen, Jukka K and Ou, Zhonghong},
  journal={ACM Transactions on Modeling and Performance Evaluation of Computing Systems (TOMPECS)},
  volume={3},
  number={2},
  pages={1--26},
  year={2018},
  publisher={ACM New York, NY, USA}
} 
  
@article{20,
  title={Intel{\textregistered} 64 and ia-32 architectures software developerâ€™s manual},
  author={Guide, Part},
  journal={Volume 3B: System programming Guide, Part},
  volume={2},
  pages={11},
  year={2011}
}
  

@inproceedings{21,
  title={Uncore power scavenger: A runtime for uncore power conservation on hpc systems},
  author={Gholkar, Neha and Mueller, Frank and Rountree, Barry},
  booktitle={Proceedings of the International Conference for High Performance Computing, Networking, Storage and Analysis},
  pages={1--23},
  year={2019}
}
@inproceedings{22,
  title={Dynamic voltage and frequency scaling: The laws of diminishing returns},
  author={Le Sueur, Etienne and Heiser, Gernot},
  booktitle={Proceedings of the 2010 international conference on Power aware computing and systems},
  pages={1--8},
  year={2010}
}
@misc{23,
title = {NASA Advanced Supercomputing Division, NAS Parallel Benchmark Suite v3.3.},
note = {\url  {http://www.nas.nasa.gov/Resources/Software/npb.html.}}
}
@misc{24,
title = {perf\_event\_open() Linux manual page},
note = {\url  {https://man7.org/linux/man-pages/man2/perf\_event\_open.2.html}}
}
@misc{25,
title = {Libmsr sources code on github},
note = {\url  {https://github.com/LLNL/libmsr}}
}

@misc{26,
title = {How Much is the Average Electric Bill?},
note = {\url  {https://www.apge.com}}

}

@article{27,
  title={Cache-aware roofline model: Upgrading the loft},
  author={Ilic, Aleksandar and Pratas, Frederico and Sousa, Leonel},
  journal={IEEE Computer Architecture Letters},
  volume={13},
  number={1},
  pages={21--24},
  year={2013},
  publisher={IEEE}
}
@inproceedings{28,
  title={Applying the roofline model},
  author={Ofenbeck, Georg and Steinmann, Ruedi and Caparros, Victoria and Spampinato, Daniele G and P{\"u}schel, Markus},
  booktitle={2014 IEEE International Symposium on Performance Analysis of Systems and Software (ISPASS)},
  pages={76--85},
  year={2014},
  organization={IEEE}
}

@inproceedings{29,
  title={Gables: A roofline model for mobile socs},
  author={Hill, Mark and Reddi, Vijay Janapa},
  booktitle={2019 IEEE International Symposium on High Performance Computer Architecture (HPCA)},
  pages={317--330},
  year={2019},
  organization={IEEE}
}
@misc{30,
	title = {7 dazzling smartphone improvements with Qualcomm's Snapdragon 835 chip},
	note = {\url {https://www.networkworld.com/article/3154386/7-dazzling-smartphone-improvements-with-qualcomms-snapdragon-835-chip.html} }

}
@article{31,
  title={Performance analysis and optimization of three-dimensional FDTD on GPU using roofline model},
  author={Kim, Ki-Hwan and Kim, KyoungHo and Park, Q-Han},
  journal={Computer Physics Communications},
  volume={182},
  number={6},
  pages={1201--1207},
  year={2011},
  publisher={Elsevier}
}
@article{32,
  title={Computational electromagnetics: the finite-difference time-domain method},
  author={Taflove, Allen and Hagness, Susan C and Piket-May, Melinda},
  journal={The Electrical Engineering Handbook},
  volume={3},
  year={2005},
  publisher={Elsevier}
}
@inproceedings{33,
  title={An instruction roofline model for gpus},
  author={Ding, Nan and Williams, Samuel},
  booktitle={2019 IEEE/ACM Performance Modeling, Benchmarking and Simulation of High Performance Computer Systems (PMBS)},
  pages={7--18},
  year={2019},
  organization={IEEE}
}

@article{34,
  title={Uncore frequency scaling vs dynamic voltage and frequency scaling: A quantitative comparison},
  author={Sundriyal, Vaibhav and Sosonkina, Masha and Westheimer, Bryce M and Gordon, Mark},
  journal={Society for Modeling \& Simulation International, SpringSim-HPC},
  year={2018}
}

@inproceedings{35,
  title={Extending the roofline model: Bottleneck analysis with microarchitectural constraints},
  author={Cabezas, Victoria Caparr{\'o}s and P{\"u}schel, Markus},
  booktitle={2014 IEEE International Symposium on Workload Characterization (IISWC)},
  pages={222--231},
  year={2014},
  organization={IEEE}
}

@inproceedings{36,
  title={Performance tuning and analysis of future vector processors based on the roofline model},
  author={Sato, Yoshiei and Nagaoka, Ryuichi and Musa, Akihiro and Egawa, Ryusuke and Takizawa, Hiroyuki and Okabe, Koki and Kobayashi, Hiroaki},
  booktitle={Proceedings of the 10th workshop on MEmory performance: DEaling with Applications, systems and architecture},
  pages={7--14},
  year={2009}
}

@inproceedings{37,
  title={The Forgotten Uncore: On the Energy-Efficiency of Heterogeneous Cores},
  author={Gupta, Vishal and Brett, Paul and Koufaty, David and Reddy, Dheeraj and Hahn, Scott and Schwan, Karsten and Srinivasa, Ganapati},
  booktitle={2012 USENIX Annual Technical Conference (USENIX ATC 12)},
  pages={367--372},
  year={2012}
}

@misc{38,
	title = {Source code of tinybench},
	note = {\url {https://github.com/ssvb/tinymembench}}

}
@Inbook{39,
author="Gustafson, John L.",
editor="Padua, David",
title="Moore's Law",
bookTitle="Encyclopedia of Parallel Computing",
year="2011",
publisher="Springer US",
address="Boston, MA",
pages="1177--1184",
isbn="978-0-387-09766-4",
doi="10.1007/978-0-387-09766-4_81",
url="https://doi.org/10.1007/978-0-387-09766-4_81"
}

